%YAML 1.1
%TAG !u! tag:unity3d.com,2011:
--- !u!1 &2970655430333011595
GameObject:
  m_ObjectHideFlags: 0
  m_CorrespondingSourceObject: {fileID: 0}
  m_PrefabInstance: {fileID: 0}
  m_PrefabAsset: {fileID: 0}
  serializedVersion: 6
  m_Component:
  - component: {fileID: 1690558933117748992}
  m_Layer: 0
  m_Name: type_3
  m_TagString: Untagged
  m_Icon: {fileID: 0}
  m_NavMeshLayer: 0
  m_StaticEditorFlags: 0
  m_IsActive: 1
--- !u!4 &1690558933117748992
Transform:
  m_ObjectHideFlags: 0
  m_CorrespondingSourceObject: {fileID: 0}
  m_PrefabInstance: {fileID: 0}
  m_PrefabAsset: {fileID: 0}
  m_GameObject: {fileID: 2970655430333011595}
  m_LocalRotation: {x: 0, y: 0, z: 0, w: 1}
  m_LocalPosition: {x: -3.37, y: 0, z: 0}
  m_LocalScale: {x: 1, y: 1, z: 1}
  m_Children:
  - {fileID: 1666175606531800332}
  - {fileID: 8341238677041775079}
  - {fileID: 3802304291003051923}
  - {fileID: 1961798253578560972}
  - {fileID: 8990620197198355454}
  - {fileID: 8507963989800107061}
  m_Father: {fileID: 0}
  m_RootOrder: 0
  m_LocalEulerAnglesHint: {x: 0, y: 0, z: 0}
--- !u!1001 &168847561768992317
PrefabInstance:
  m_ObjectHideFlags: 0
  serializedVersion: 2
  m_Modification:
    m_TransformParent: {fileID: 1690558933117748992}
    m_Modifications:
    - target: {fileID: 9020217684350620258, guid: b781032efd71d374b97599fe00c46324,
        type: 3}
      propertyPath: m_Name
      value: enemy_1 (1)
      objectReference: {fileID: 0}
    - target: {fileID: 1832517445737667569, guid: b781032efd71d374b97599fe00c46324,
        type: 3}
      propertyPath: m_LocalPosition.x
      value: 12.92
      objectReference: {fileID: 0}
    - target: {fileID: 1832517445737667569, guid: b781032efd71d374b97599fe00c46324,
        type: 3}
      propertyPath: m_LocalPosition.y
      value: 4.92
      objectReference: {fileID: 0}
    - target: {fileID: 1832517445737667569, guid: b781032efd71d374b97599fe00c46324,
        type: 3}
      propertyPath: m_LocalPosition.z
      value: 0
      objectReference: {fileID: 0}
    - target: {fileID: 1832517445737667569, guid: b781032efd71d374b97599fe00c46324,
        type: 3}
      propertyPath: m_LocalRotation.x
      value: -0
      objectReference: {fileID: 0}
    - target: {fileID: 1832517445737667569, guid: b781032efd71d374b97599fe00c46324,
        type: 3}
      propertyPath: m_LocalRotation.y
      value: -0
      objectReference: {fileID: 0}
    - target: {fileID: 1832517445737667569, guid: b781032efd71d374b97599fe00c46324,
        type: 3}
      propertyPath: m_LocalRotation.z
      value: -0
      objectReference: {fileID: 0}
    - target: {fileID: 1832517445737667569, guid: b781032efd71d374b97599fe00c46324,
        type: 3}
      propertyPath: m_LocalRotation.w
      value: 1
      objectReference: {fileID: 0}
    - target: {fileID: 1832517445737667569, guid: b781032efd71d374b97599fe00c46324,
        type: 3}
      propertyPath: m_RootOrder
      value: 3
      objectReference: {fileID: 0}
    - target: {fileID: 1832517445737667569, guid: b781032efd71d374b97599fe00c46324,
        type: 3}
      propertyPath: m_LocalEulerAnglesHint.x
      value: 0
      objectReference: {fileID: 0}
    - target: {fileID: 1832517445737667569, guid: b781032efd71d374b97599fe00c46324,
        type: 3}
      propertyPath: m_LocalEulerAnglesHint.y
      value: 0
      objectReference: {fileID: 0}
    - target: {fileID: 1832517445737667569, guid: b781032efd71d374b97599fe00c46324,
        type: 3}
      propertyPath: m_LocalEulerAnglesHint.z
      value: 0
      objectReference: {fileID: 0}
    - target: {fileID: 3739028111659228461, guid: b781032efd71d374b97599fe00c46324,
        type: 3}
      propertyPath: splines.Array.size
      value: 2
      objectReference: {fileID: 0}
    - target: {fileID: 3739028111659228461, guid: b781032efd71d374b97599fe00c46324,
        type: 3}
      propertyPath: splines.Array.data[0]
      value: 
      objectReference: {fileID: 8990620197198355454}
    - target: {fileID: 3739028111659228461, guid: b781032efd71d374b97599fe00c46324,
        type: 3}
      propertyPath: speedModifier
      value: 0.5
      objectReference: {fileID: 0}
    - target: {fileID: 3739028111659228461, guid: b781032efd71d374b97599fe00c46324,
        type: 3}
      propertyPath: splines.Array.data[1]
      value: 
      objectReference: {fileID: 8507963989800107061}
    m_RemovedComponents: []
  m_SourcePrefab: {fileID: 100100000, guid: b781032efd71d374b97599fe00c46324, type: 3}
--- !u!4 &1961798253578560972 stripped
Transform:
  m_CorrespondingSourceObject: {fileID: 1832517445737667569, guid: b781032efd71d374b97599fe00c46324,
    type: 3}
  m_PrefabInstance: {fileID: 168847561768992317}
  m_PrefabAsset: {fileID: 0}
--- !u!1001 &1040640522011141885
PrefabInstance:
  m_ObjectHideFlags: 0
  serializedVersion: 2
  m_Modification:
    m_TransformParent: {fileID: 1690558933117748992}
    m_Modifications:
    - target: {fileID: 9020217684350620258, guid: b781032efd71d374b97599fe00c46324,
        type: 3}
      propertyPath: m_Name
      value: enemy_1
      objectReference: {fileID: 0}
    - target: {fileID: 1832517445737667569, guid: b781032efd71d374b97599fe00c46324,
        type: 3}
      propertyPath: m_LocalPosition.x
      value: 12.92
      objectReference: {fileID: 0}
    - target: {fileID: 1832517445737667569, guid: b781032efd71d374b97599fe00c46324,
        type: 3}
      propertyPath: m_LocalPosition.y
      value: 4.92
      objectReference: {fileID: 0}
    - target: {fileID: 1832517445737667569, guid: b781032efd71d374b97599fe00c46324,
        type: 3}
      propertyPath: m_LocalPosition.z
      value: 0
      objectReference: {fileID: 0}
    - target: {fileID: 1832517445737667569, guid: b781032efd71d374b97599fe00c46324,
        type: 3}
      propertyPath: m_LocalRotation.x
      value: -0
      objectReference: {fileID: 0}
    - target: {fileID: 1832517445737667569, guid: b781032efd71d374b97599fe00c46324,
        type: 3}
      propertyPath: m_LocalRotation.y
      value: -0
      objectReference: {fileID: 0}
    - target: {fileID: 1832517445737667569, guid: b781032efd71d374b97599fe00c46324,
        type: 3}
      propertyPath: m_LocalRotation.z
      value: -0
      objectReference: {fileID: 0}
    - target: {fileID: 1832517445737667569, guid: b781032efd71d374b97599fe00c46324,
        type: 3}
      propertyPath: m_LocalRotation.w
      value: 1
      objectReference: {fileID: 0}
    - target: {fileID: 1832517445737667569, guid: b781032efd71d374b97599fe00c46324,
        type: 3}
      propertyPath: m_RootOrder
      value: 0
      objectReference: {fileID: 0}
    - target: {fileID: 1832517445737667569, guid: b781032efd71d374b97599fe00c46324,
        type: 3}
      propertyPath: m_LocalEulerAnglesHint.x
      value: 0
      objectReference: {fileID: 0}
    - target: {fileID: 1832517445737667569, guid: b781032efd71d374b97599fe00c46324,
        type: 3}
      propertyPath: m_LocalEulerAnglesHint.y
      value: 0
      objectReference: {fileID: 0}
    - target: {fileID: 1832517445737667569, guid: b781032efd71d374b97599fe00c46324,
        type: 3}
      propertyPath: m_LocalEulerAnglesHint.z
      value: 0
      objectReference: {fileID: 0}
    - target: {fileID: 3739028111659228461, guid: b781032efd71d374b97599fe00c46324,
        type: 3}
      propertyPath: splines.Array.size
      value: 2
      objectReference: {fileID: 0}
    - target: {fileID: 3739028111659228461, guid: b781032efd71d374b97599fe00c46324,
        type: 3}
      propertyPath: splines.Array.data[0]
      value: 
      objectReference: {fileID: 8341238677041775079}
    - target: {fileID: 3739028111659228461, guid: b781032efd71d374b97599fe00c46324,
        type: 3}
      propertyPath: speedModifier
      value: 0.5
      objectReference: {fileID: 0}
    - target: {fileID: 3739028111659228461, guid: b781032efd71d374b97599fe00c46324,
        type: 3}
      propertyPath: splines.Array.data[1]
      value: 
      objectReference: {fileID: 3802304291003051923}
    m_RemovedComponents: []
  m_SourcePrefab: {fileID: 100100000, guid: b781032efd71d374b97599fe00c46324, type: 3}
--- !u!4 &1666175606531800332 stripped
Transform:
  m_CorrespondingSourceObject: {fileID: 1832517445737667569, guid: b781032efd71d374b97599fe00c46324,
    type: 3}
  m_PrefabInstance: {fileID: 1040640522011141885}
  m_PrefabAsset: {fileID: 0}
--- !u!1001 &2574663441546263358
PrefabInstance:
  m_ObjectHideFlags: 0
  serializedVersion: 2
  m_Modification:
    m_TransformParent: {fileID: 1690558933117748992}
    m_Modifications:
    - target: {fileID: 6704728187648708452, guid: b0a4796c5fde1274db2dc392bdf5a012,
        type: 3}
      propertyPath: m_Name
      value: bezierSpline (3)
      objectReference: {fileID: 0}
    - target: {fileID: 6172560325772379915, guid: b0a4796c5fde1274db2dc392bdf5a012,
        type: 3}
      propertyPath: m_LocalPosition.x
      value: -14.84
      objectReference: {fileID: 0}
    - target: {fileID: 6172560325772379915, guid: b0a4796c5fde1274db2dc392bdf5a012,
        type: 3}
      propertyPath: m_LocalPosition.y
      value: -1.3799996
      objectReference: {fileID: 0}
    - target: {fileID: 6172560325772379915, guid: b0a4796c5fde1274db2dc392bdf5a012,
        type: 3}
      propertyPath: m_LocalPosition.z
      value: 0
      objectReference: {fileID: 0}
    - target: {fileID: 6172560325772379915, guid: b0a4796c5fde1274db2dc392bdf5a012,
        type: 3}
      propertyPath: m_LocalRotation.x
      value: -0
      objectReference: {fileID: 0}
    - target: {fileID: 6172560325772379915, guid: b0a4796c5fde1274db2dc392bdf5a012,
        type: 3}
      propertyPath: m_LocalRotation.y
      value: -0
      objectReference: {fileID: 0}
    - target: {fileID: 6172560325772379915, guid: b0a4796c5fde1274db2dc392bdf5a012,
        type: 3}
      propertyPath: m_LocalRotation.z
      value: -0
      objectReference: {fileID: 0}
    - target: {fileID: 6172560325772379915, guid: b0a4796c5fde1274db2dc392bdf5a012,
        type: 3}
      propertyPath: m_LocalRotation.w
      value: 1
      objectReference: {fileID: 0}
    - target: {fileID: 6172560325772379915, guid: b0a4796c5fde1274db2dc392bdf5a012,
        type: 3}
      propertyPath: m_RootOrder
      value: 5
      objectReference: {fileID: 0}
    - target: {fileID: 6172560325772379915, guid: b0a4796c5fde1274db2dc392bdf5a012,
        type: 3}
      propertyPath: m_LocalEulerAnglesHint.x
      value: 0
      objectReference: {fileID: 0}
    - target: {fileID: 6172560325772379915, guid: b0a4796c5fde1274db2dc392bdf5a012,
        type: 3}
      propertyPath: m_LocalEulerAnglesHint.y
      value: 0
      objectReference: {fileID: 0}
    - target: {fileID: 6172560325772379915, guid: b0a4796c5fde1274db2dc392bdf5a012,
        type: 3}
      propertyPath: m_LocalEulerAnglesHint.z
      value: 0
      objectReference: {fileID: 0}
    - target: {fileID: 1984428406575010038, guid: b0a4796c5fde1274db2dc392bdf5a012,
        type: 3}
      propertyPath: m_LocalPosition.y
      value: -7.81
      objectReference: {fileID: 0}
    - target: {fileID: 1984428406575010038, guid: b0a4796c5fde1274db2dc392bdf5a012,
        type: 3}
      propertyPath: m_LocalPosition.x
      value: 15.37
      objectReference: {fileID: 0}
    - target: {fileID: 113072193338905833, guid: b0a4796c5fde1274db2dc392bdf5a012,
        type: 3}
      propertyPath: m_LocalPosition.y
      value: 0.11
      objectReference: {fileID: 0}
    - target: {fileID: 113072193338905833, guid: b0a4796c5fde1274db2dc392bdf5a012,
        type: 3}
      propertyPath: m_LocalPosition.x
      value: 15.59
      objectReference: {fileID: 0}
    - target: {fileID: 7883382586959589416, guid: b0a4796c5fde1274db2dc392bdf5a012,
        type: 3}
      propertyPath: m_LocalPosition.y
      value: -2.48
      objectReference: {fileID: 0}
    - target: {fileID: 7883382586959589416, guid: b0a4796c5fde1274db2dc392bdf5a012,
        type: 3}
      propertyPath: m_LocalPosition.x
      value: 5.62
      objectReference: {fileID: 0}
    - target: {fileID: 4825812887410740553, guid: b0a4796c5fde1274db2dc392bdf5a012,
        type: 3}
      propertyPath: m_LocalPosition.y
      value: 4.4
      objectReference: {fileID: 0}
    - target: {fileID: 4825812887410740553, guid: b0a4796c5fde1274db2dc392bdf5a012,
        type: 3}
      propertyPath: m_LocalPosition.x
      value: 5.95
      objectReference: {fileID: 0}
    m_RemovedComponents: []
  m_SourcePrefab: {fileID: 100100000, guid: b0a4796c5fde1274db2dc392bdf5a012, type: 3}
--- !u!4 &8507963989800107061 stripped
Transform:
  m_CorrespondingSourceObject: {fileID: 6172560325772379915, guid: b0a4796c5fde1274db2dc392bdf5a012,
    type: 3}
  m_PrefabInstance: {fileID: 2574663441546263358}
  m_PrefabAsset: {fileID: 0}
--- !u!1001 &2768410349987563244
PrefabInstance:
  m_ObjectHideFlags: 0
  serializedVersion: 2
  m_Modification:
    m_TransformParent: {fileID: 1690558933117748992}
    m_Modifications:
    - target: {fileID: 6704728187648708452, guid: b0a4796c5fde1274db2dc392bdf5a012,
        type: 3}
      propertyPath: m_Name
      value: bezierSpline
      objectReference: {fileID: 0}
    - target: {fileID: 6172560325772379915, guid: b0a4796c5fde1274db2dc392bdf5a012,
        type: 3}
      propertyPath: m_LocalPosition.x
      value: -5.42
      objectReference: {fileID: 0}
    - target: {fileID: 6172560325772379915, guid: b0a4796c5fde1274db2dc392bdf5a012,
        type: 3}
      propertyPath: m_LocalPosition.y
      value: 5.32
      objectReference: {fileID: 0}
    - target: {fileID: 6172560325772379915, guid: b0a4796c5fde1274db2dc392bdf5a012,
        type: 3}
      propertyPath: m_LocalPosition.z
      value: 0
      objectReference: {fileID: 0}
    - target: {fileID: 6172560325772379915, guid: b0a4796c5fde1274db2dc392bdf5a012,
        type: 3}
      propertyPath: m_LocalRotation.x
      value: -0
      objectReference: {fileID: 0}
    - target: {fileID: 6172560325772379915, guid: b0a4796c5fde1274db2dc392bdf5a012,
        type: 3}
      propertyPath: m_LocalRotation.y
      value: -0
      objectReference: {fileID: 0}
    - target: {fileID: 6172560325772379915, guid: b0a4796c5fde1274db2dc392bdf5a012,
        type: 3}
      propertyPath: m_LocalRotation.z
      value: -0
      objectReference: {fileID: 0}
    - target: {fileID: 6172560325772379915, guid: b0a4796c5fde1274db2dc392bdf5a012,
        type: 3}
      propertyPath: m_LocalRotation.w
      value: 1
      objectReference: {fileID: 0}
    - target: {fileID: 6172560325772379915, guid: b0a4796c5fde1274db2dc392bdf5a012,
        type: 3}
      propertyPath: m_RootOrder
      value: 1
      objectReference: {fileID: 0}
    - target: {fileID: 6172560325772379915, guid: b0a4796c5fde1274db2dc392bdf5a012,
        type: 3}
      propertyPath: m_LocalEulerAnglesHint.x
      value: 0
      objectReference: {fileID: 0}
    - target: {fileID: 6172560325772379915, guid: b0a4796c5fde1274db2dc392bdf5a012,
        type: 3}
      propertyPath: m_LocalEulerAnglesHint.y
      value: 0
      objectReference: {fileID: 0}
    - target: {fileID: 6172560325772379915, guid: b0a4796c5fde1274db2dc392bdf5a012,
        type: 3}
      propertyPath: m_LocalEulerAnglesHint.z
      value: 0
      objectReference: {fileID: 0}
    - target: {fileID: 1984428406575010038, guid: b0a4796c5fde1274db2dc392bdf5a012,
        type: 3}
      propertyPath: m_LocalPosition.y
      value: -11.23
      objectReference: {fileID: 0}
    - target: {fileID: 1984428406575010038, guid: b0a4796c5fde1274db2dc392bdf5a012,
        type: 3}
      propertyPath: m_LocalPosition.x
      value: 16.74
      objectReference: {fileID: 0}
    - target: {fileID: 113072193338905833, guid: b0a4796c5fde1274db2dc392bdf5a012,
        type: 3}
      propertyPath: m_LocalPosition.y
      value: 0.11
      objectReference: {fileID: 0}
    - target: {fileID: 113072193338905833, guid: b0a4796c5fde1274db2dc392bdf5a012,
        type: 3}
      propertyPath: m_LocalPosition.x
      value: 15.59
      objectReference: {fileID: 0}
    - target: {fileID: 7883382586959589416, guid: b0a4796c5fde1274db2dc392bdf5a012,
        type: 3}
      propertyPath: m_LocalPosition.y
      value: -2.48
      objectReference: {fileID: 0}
    - target: {fileID: 7883382586959589416, guid: b0a4796c5fde1274db2dc392bdf5a012,
        type: 3}
      propertyPath: m_LocalPosition.x
      value: 5.62
      objectReference: {fileID: 0}
    - target: {fileID: 4825812887410740553, guid: b0a4796c5fde1274db2dc392bdf5a012,
        type: 3}
      propertyPath: m_LocalPosition.y
      value: 4.4
      objectReference: {fileID: 0}
    - target: {fileID: 4825812887410740553, guid: b0a4796c5fde1274db2dc392bdf5a012,
        type: 3}
      propertyPath: m_LocalPosition.x
      value: 5.95
      objectReference: {fileID: 0}
    m_RemovedComponents: []
  m_SourcePrefab: {fileID: 100100000, guid: b0a4796c5fde1274db2dc392bdf5a012, type: 3}
--- !u!4 &8341238677041775079 stripped
Transform:
  m_CorrespondingSourceObject: {fileID: 6172560325772379915, guid: b0a4796c5fde1274db2dc392bdf5a012,
    type: 3}
  m_PrefabInstance: {fileID: 2768410349987563244}
  m_PrefabAsset: {fileID: 0}
--- !u!1001 &2984848094146911477
PrefabInstance:
  m_ObjectHideFlags: 0
  serializedVersion: 2
  m_Modification:
    m_TransformParent: {fileID: 1690558933117748992}
    m_Modifications:
    - target: {fileID: 6704728187648708452, guid: b0a4796c5fde1274db2dc392bdf5a012,
        type: 3}
      propertyPath: m_Name
      value: bezierSpline (2)
      objectReference: {fileID: 0}
    - target: {fileID: 6172560325772379915, guid: b0a4796c5fde1274db2dc392bdf5a012,
        type: 3}
      propertyPath: m_LocalPosition.x
      value: -4.8599987
      objectReference: {fileID: 0}
    - target: {fileID: 6172560325772379915, guid: b0a4796c5fde1274db2dc392bdf5a012,
        type: 3}
      propertyPath: m_LocalPosition.y
      value: 1.25
      objectReference: {fileID: 0}
    - target: {fileID: 6172560325772379915, guid: b0a4796c5fde1274db2dc392bdf5a012,
        type: 3}
      propertyPath: m_LocalPosition.z
      value: 0
      objectReference: {fileID: 0}
    - target: {fileID: 6172560325772379915, guid: b0a4796c5fde1274db2dc392bdf5a012,
        type: 3}
      propertyPath: m_LocalRotation.x
      value: -0
      objectReference: {fileID: 0}
    - target: {fileID: 6172560325772379915, guid: b0a4796c5fde1274db2dc392bdf5a012,
        type: 3}
      propertyPath: m_LocalRotation.y
      value: -0
      objectReference: {fileID: 0}
    - target: {fileID: 6172560325772379915, guid: b0a4796c5fde1274db2dc392bdf5a012,
        type: 3}
      propertyPath: m_LocalRotation.z
      value: -0
      objectReference: {fileID: 0}
    - target: {fileID: 6172560325772379915, guid: b0a4796c5fde1274db2dc392bdf5a012,
        type: 3}
      propertyPath: m_LocalRotation.w
      value: 1
      objectReference: {fileID: 0}
    - target: {fileID: 6172560325772379915, guid: b0a4796c5fde1274db2dc392bdf5a012,
        type: 3}
      propertyPath: m_RootOrder
      value: 4
      objectReference: {fileID: 0}
    - target: {fileID: 6172560325772379915, guid: b0a4796c5fde1274db2dc392bdf5a012,
        type: 3}
      propertyPath: m_LocalEulerAnglesHint.x
      value: 0
      objectReference: {fileID: 0}
    - target: {fileID: 6172560325772379915, guid: b0a4796c5fde1274db2dc392bdf5a012,
        type: 3}
      propertyPath: m_LocalEulerAnglesHint.y
      value: 0
      objectReference: {fileID: 0}
    - target: {fileID: 6172560325772379915, guid: b0a4796c5fde1274db2dc392bdf5a012,
        type: 3}
      propertyPath: m_LocalEulerAnglesHint.z
      value: 0
      objectReference: {fileID: 0}
    - target: {fileID: 1984428406575010038, guid: b0a4796c5fde1274db2dc392bdf5a012,
        type: 3}
      propertyPath: m_LocalPosition.y
      value: -11.23
      objectReference: {fileID: 0}
    - target: {fileID: 1984428406575010038, guid: b0a4796c5fde1274db2dc392bdf5a012,
        type: 3}
      propertyPath: m_LocalPosition.x
      value: 16.74
      objectReference: {fileID: 0}
    - target: {fileID: 113072193338905833, guid: b0a4796c5fde1274db2dc392bdf5a012,
        type: 3}
      propertyPath: m_LocalPosition.y
      value: 0.11
      objectReference: {fileID: 0}
    - target: {fileID: 113072193338905833, guid: b0a4796c5fde1274db2dc392bdf5a012,
        type: 3}
      propertyPath: m_LocalPosition.x
      value: 15.59
      objectReference: {fileID: 0}
    - target: {fileID: 7883382586959589416, guid: b0a4796c5fde1274db2dc392bdf5a012,
        type: 3}
      propertyPath: m_LocalPosition.y
      value: -2.48
      objectReference: {fileID: 0}
    - target: {fileID: 7883382586959589416, guid: b0a4796c5fde1274db2dc392bdf5a012,
        type: 3}
      propertyPath: m_LocalPosition.x
      value: 5.62
      objectReference: {fileID: 0}
    - target: {fileID: 4825812887410740553, guid: b0a4796c5fde1274db2dc392bdf5a012,
        type: 3}
      propertyPath: m_LocalPosition.y
      value: 4.4
      objectReference: {fileID: 0}
    - target: {fileID: 4825812887410740553, guid: b0a4796c5fde1274db2dc392bdf5a012,
        type: 3}
      propertyPath: m_LocalPosition.x
      value: 5.95
      objectReference: {fileID: 0}
    m_RemovedComponents: []
  m_SourcePrefab: {fileID: 100100000, guid: b0a4796c5fde1274db2dc392bdf5a012, type: 3}
--- !u!4 &8990620197198355454 stripped
Transform:
  m_CorrespondingSourceObject: {fileID: 6172560325772379915, guid: b0a4796c5fde1274db2dc392bdf5a012,
    type: 3}
  m_PrefabInstance: {fileID: 2984848094146911477}
  m_PrefabAsset: {fileID: 0}
--- !u!1001 &7020312967325100184
PrefabInstance:
  m_ObjectHideFlags: 0
  serializedVersion: 2
  m_Modification:
    m_TransformParent: {fileID: 1690558933117748992}
    m_Modifications:
    - target: {fileID: 6704728187648708452, guid: b0a4796c5fde1274db2dc392bdf5a012,
        type: 3}
      propertyPath: m_Name
      value: bezierSpline (1)
      objectReference: {fileID: 0}
    - target: {fileID: 6172560325772379915, guid: b0a4796c5fde1274db2dc392bdf5a012,
        type: 3}
      propertyPath: m_LocalPosition.x
      value: -15.400001
      objectReference: {fileID: 0}
    - target: {fileID: 6172560325772379915, guid: b0a4796c5fde1274db2dc392bdf5a012,
        type: 3}
      propertyPath: m_LocalPosition.y
      value: 2.6900005
      objectReference: {fileID: 0}
    - target: {fileID: 6172560325772379915, guid: b0a4796c5fde1274db2dc392bdf5a012,
        type: 3}
      propertyPath: m_LocalPosition.z
      value: 0
      objectReference: {fileID: 0}
    - target: {fileID: 6172560325772379915, guid: b0a4796c5fde1274db2dc392bdf5a012,
        type: 3}
      propertyPath: m_LocalRotation.x
      value: -0
      objectReference: {fileID: 0}
    - target: {fileID: 6172560325772379915, guid: b0a4796c5fde1274db2dc392bdf5a012,
        type: 3}
      propertyPath: m_LocalRotation.y
      value: -0
      objectReference: {fileID: 0}
    - target: {fileID: 6172560325772379915, guid: b0a4796c5fde1274db2dc392bdf5a012,
        type: 3}
      propertyPath: m_LocalRotation.z
      value: -0
      objectReference: {fileID: 0}
    - target: {fileID: 6172560325772379915, guid: b0a4796c5fde1274db2dc392bdf5a012,
        type: 3}
      propertyPath: m_LocalRotation.w
      value: 1
      objectReference: {fileID: 0}
    - target: {fileID: 6172560325772379915, guid: b0a4796c5fde1274db2dc392bdf5a012,
        type: 3}
      propertyPath: m_RootOrder
      value: 2
      objectReference: {fileID: 0}
    - target: {fileID: 6172560325772379915, guid: b0a4796c5fde1274db2dc392bdf5a012,
        type: 3}
      propertyPath: m_LocalEulerAnglesHint.x
      value: 0
      objectReference: {fileID: 0}
    - target: {fileID: 6172560325772379915, guid: b0a4796c5fde1274db2dc392bdf5a012,
        type: 3}
      propertyPath: m_LocalEulerAnglesHint.y
      value: 0
      objectReference: {fileID: 0}
    - target: {fileID: 6172560325772379915, guid: b0a4796c5fde1274db2dc392bdf5a012,
        type: 3}
      propertyPath: m_LocalEulerAnglesHint.z
      value: 0
      objectReference: {fileID: 0}
    - target: {fileID: 1984428406575010038, guid: b0a4796c5fde1274db2dc392bdf5a012,
        type: 3}
      propertyPath: m_LocalPosition.y
      value: -7.81
      objectReference: {fileID: 0}
    - target: {fileID: 1984428406575010038, guid: b0a4796c5fde1274db2dc392bdf5a012,
        type: 3}
      propertyPath: m_LocalPosition.x
      value: 15.37
      objectReference: {fileID: 0}
    - target: {fileID: 113072193338905833, guid: b0a4796c5fde1274db2dc392bdf5a012,
        type: 3}
      propertyPath: m_LocalPosition.y
      value: 0.11
      objectReference: {fileID: 0}
    - target: {fileID: 113072193338905833, guid: b0a4796c5fde1274db2dc392bdf5a012,
        type: 3}
      propertyPath: m_LocalPosition.x
      value: 15.59
      objectReference: {fileID: 0}
    - target: {fileID: 7883382586959589416, guid: b0a4796c5fde1274db2dc392bdf5a012,
        type: 3}
      propertyPath: m_LocalPosition.y
      value: -2.48
      objectReference: {fileID: 0}
    - target: {fileID: 7883382586959589416, guid: b0a4796c5fde1274db2dc392bdf5a012,
        type: 3}
      propertyPath: m_LocalPosition.x
      value: 5.62
      objectReference: {fileID: 0}
    - target: {fileID: 4825812887410740553, guid: b0a4796c5fde1274db2dc392bdf5a012,
        type: 3}
      propertyPath: m_LocalPosition.y
      value: 4.4
      objectReference: {fileID: 0}
    - target: {fileID: 4825812887410740553, guid: b0a4796c5fde1274db2dc392bdf5a012,
        type: 3}
      propertyPath: m_LocalPosition.x
      value: 5.95
      objectReference: {fileID: 0}
    m_RemovedComponents: []
  m_SourcePrefab: {fileID: 100100000, guid: b0a4796c5fde1274db2dc392bdf5a012, type: 3}
--- !u!4 &3802304291003051923 stripped
Transform:
  m_CorrespondingSourceObject: {fileID: 6172560325772379915, guid: b0a4796c5fde1274db2dc392bdf5a012,
    type: 3}
  m_PrefabInstance: {fileID: 7020312967325100184}
  m_PrefabAsset: {fileID: 0}
